% Encoding: UTF-8
@misc{Kaggle2014,
      author = {Kaggle},
      title = {Bike Sharing Demand Dataset},
      year = {2014},
      note = {Data retrieved from the Kaggle website,
              \url{https://www.kaggle.com/c/bike-sharing-demand/data}}}